@article{topomap,
  author  = {Harish Doraiswamy and Julien Tierny and Paulo J. S. Silva and Luis Gustavo Nonato, and Claudio Silva},
  title   = {TopoMap: A 0-dimensional Homology Preserving Projection of
             High-Dimensional Data},
  journal = { IEEE Transactions on Visualization and Computer Graphics (IEEE SciVis '20)},
  year    = {2020},
  doi     = {https://arxiv.org/pdf/2009.01512.pdf}
}
