@article{harishd,
  author  = {Harish Doraiswamy and Julien Tierny and Paulo J. S. Silva and Luis Gustavo Nonato and Claudio Silva},
  title   = {TopoMap: A 0-dimensional Homology Preserving Projection of High-Dimensional Data},
  journal = {IEEE Transactions on Visualization and Computer Graphics},
  year    = {2020},
  doi     = {https://arxiv.org/pdf/2009.01512.pdf},
  volume  = {27},
  number  = {2},
  pages   = {561-571}
}

@article{rips,
  author = {U. Bauer},
  title  = {Ripser: efficient computation of vietoris-rips persistence bar- codes},
  year   = {2019},
  month  = {August}
}

@article{reedgraph,
  author  = {Georges Henri Reeb},
  title   = {Sur les points singuliers d'une forme de Pfaff complètement intégrable ou d'une fonction numérique},
  journal = {C. R. Acad. Sci. Paris},
  year    = {1946},
  pages   = {847-849}
}


@article{leeverleysen,
  author  = {J.A.Lee and M.Verleysen},
  title   = {Nonlineardimensionalityreductionofdata manifolds with essential loops},
  journal = {Neurocomputing},
  pages   = {29-53},
  year    = {2005}
}

@article{mapper,
  author  = {G. Singh and F. Memoli and G. Carlsson},
  title   = {Topological Methods for the Analysis of High Dimensional Data Sets and 3D Object Recognition},
  journal = {Eurographics Symposium on Point-Based Graphicses},
  year    = {2007}
}

